<?xml version="1.0" encoding="UTF-8"?><collection xmlns="http://www.loc.gov/MARC21/slim"><record><leader>00460nam--2200169-i-4500</leader><controlfield tag="001">000048133</controlfield><controlfield tag="002">20161230</controlfield><controlfield tag="005">20161230201046</controlfield><controlfield tag="008">060222s1000------------r-----000-0-eng-d</controlfield><datafield ind1=" " ind2=" " tag="040"><subfield code="a">IFIN-HH</subfield></datafield><datafield ind1=" " ind2=" " tag="080"><subfield code="a">530.192.2</subfield></datafield><datafield ind1="1" ind2=" " tag="100"><subfield code="a">Fermi, Enrico</subfield></datafield><datafield ind1="1" ind2="0" tag="245"><subfield code="a">Elementary particles</subfield><subfield code="b">Mrs.hepsa ely sillian memorial lectures</subfield><subfield code="c">Enrico fermi</subfield></datafield><datafield ind1=" " ind2=" " tag="260"><subfield code="a">Yale</subfield><subfield code="b">Yale University Press</subfield><subfield code="c">1951</subfield></datafield><datafield ind1=" " ind2=" " tag="300"><subfield code="a">110P</subfield></datafield><datafield ind1=" " ind2=" " tag="852"><subfield code="a">10892</subfield><subfield code="c">539.12</subfield></datafield><datafield ind1=" " ind2=" " tag="CAT"><subfield code="a">Sys</subfield><subfield code="c">20111102</subfield><subfield code="h">152425</subfield></datafield></record></collection>